4754 6354
1176 716 1196 778 6

283 938 409 1016 propter
432 940 719 1017 rerumgestarum
742 934 927 997 memoriam
952 954 971 996 a
994 939 1146 1000 contextu
1169 934 1274 998 aliena
1290 953 1359 999 esse
1383 933 1612 1013 demonstravi,
1641 934 1689 997 sic
1712 932 1881 997 refinxeris
1897 934 1995 1000 verba
2018 954 2087 1000 cor·

276 1064 393 1143 rupta:
423 1057 506 1124 redii
536 1077 611 1120 6661
639 1057 784 1121 aruritae
812 1057 975 1141 dipnitcte,
1007 1058 1079 1123 6166
1105 1060 1207 1143 fratrc
1236 1060 1417 1139 laenitate,
1449 1058 1546 1122 altero
1564 1062 1711 1141 praetore
1733 1062 1867 1142 9616616,
1896 1062 2086 1125 sententiam

282 1183 457 1247 restitueris
481 1187 512 1245 ct
527 1183 660 1245 chiasmi
683 1187 780 1264 atque
799 1183 996 1266 gradationis
1007 1184 1122 1269 figuris
1146 1186 1331 1269 opportunis
1347 1183 1602 1249 commendatam
1624 1187 1655 1246 et
1669 1189 1783 1268 suopte
1794 1184 1935 1268 pondere
1947 1183 1987 1248 ab
2001 1187 2087 1248 omni

283 1307 466 1390 suspicione
490 1306 663 1371 defensam.
693 1306 751 1371 hoc
775 1309 862 1371 onim
884 1308 1008 1374 Tullius
1033 1310 1121 1390 dicit,
1148 1309 1270 1375 redisse
1297 1328 1331 1373 se
1360 1329 1426 1373 non
1454 1308 1559 1372 solum
1587 1309 1661 1372 vivo
1684 1308 1782 1373 fratre
1813 1310 1921 1389 altero,
1951 1311 2012 1375 hoc
2039 1316 2089 1375 est

282 1431 421 1496 reditum
446 1431 654 1514 inspectante,
677 1450 788 1494 verum
813 1433 908 1496 etiam
933 1433 1039 1516 altero,
1066 1440 1225 1518 quatenus
1249 1435 1281 1498 id
1304 1436 1333 1499 ei
1357 1435 1481 1499 licuerit
1507 1470 1546 1479 -
1571 1438 1602 1497 et
1625 1435 1810 1499 memineris
1830 1435 2023 1519 pemritium,
2047 1435 2087 1500 de

283 1554 403 1639 quibus
427 1554 504 1637 dixi,
533 1557 751 1621 excusationis
779 1558 812 1620 in
838 1557 1013 1624 Pisoniana
1039 1559 1208 1624 verborum
1233 1560 1437 1624 -eundem
1465 1562 1680 1642 promovente.
1704 1578 1764 1623 nec
1792 1561 1913 1624 mirum
1936 1564 1984 1625 est
2015 1580 2087 1645 pro·

280 1680 364 1744 lecto
390 1679 474 1764 quod
503 1682 581 1745 haec
613 1687 707 1745 vetus
735 1682 849 1766 aliquis
873 1685 982 1764 lector,
1015 1687 1068 1749 cui
1097 1686 1231 1749 fratrum
1255 1685 1290 1750 P.
1315 1685 1417 1749 Clodii
1440 1686 1571 1748 nomina
1602 1690 1635 1749 et
1657 1686 1828 1769 dignitates
1857 1704 1913 1768 per
1940 1685 2086 1750 nimbum

283 1804 542 1889 obversarentur,
572 1808 605 1870 in
634 1825 709 1870 cum
742 1808 872 1872 modum
904 1811 1120 1895 ampliaverit:
1153 1813 1271 1876 mirum
1299 1810 1457 1893 estquod
1490 1815 1536 1874 tot
1559 1810 1621 1873 riri
1651 1828 1761 1874 rerum
1790 1812 2087 1894 sententiarumque

282 1933 375 2016 periti
399 1932 461 1995 tale
485 1935 664 1995 monstrum
687 1933 847 2014 patienter
870 1934 1010 2000 tulerint.
1207 1919 1210 1925 ’

442 2055 641 2121 Glossemata
664 2076 767 2139 panca
790 2059 922 2141 parisini
947 2062 1065 2125 codicis
1084 2061 1257 2145 archetypo
1280 2061 1447 2145 irrepsisse
1470 2061 1549 2125 scio:
1580 2059 1716 2124 alterum
1741 2059 1902 2144 quoddam
1926 2060 2088 2125 indicasse

284 2181 447 2263 satlrabeo,
476 2181 562 2265 quod
586 2181 769 2265 deturpavit
798 2186 952 2250 orationis
980 2186 1077 2251 verba
1105 2187 1184 2251 hacc
1210 2187 1263 2268 14,
1277 2187 1334 2250 36;
1363 2206 1441 2270 crepo
1468 2185 1566 2249 161666
1596 2185 1800 2268 adoptionem
1821 2185 1992 2270 9661111616
2015 2185 2088 2248 iura

284 2328 348 2370 esse
371 2306 509 2390 factam:
536 2305 688 2389 prinlum
711 2307 797 2390 qnod
818 2329 870 2372 666
898 2312 1247 2389 661166611616616166,
1275 2311 1447 2394 alisqui
1469 2317 1497 2375 16
1519 2309 1684 2394 adoptarit
1708 2311 1754 2374 rel
1775 2309 1841 2393 sitii
1864 2310 1924 2374 tibi
1945 2311 2009 2375 1666
2027 2331 2088 2394 per

282 2437 414 2496 66161661
438 2451 502 2495 esse
523 2431 663 2514 potuerat
690 2433 793 2497 66166
816 2454 878 2516 quo
900 2434 983 2517 1611·
1018 2436 1129 2500 61616116
1162 2437 1248 2520 quod
1277 2454 1376 2498 66666
1402 2434 1516 2518 966611
1542 2435 1617 2498 solet
1649 2435 1826 2518 6616916611
1858 2454 1885 2499 6.
1920 2456 1950 2517 q.
1981 2455 2005 2499 s.
2034 2434 2088 2499 de-

283 2557 372 2621 trahe
401 2556 465 2637 illa,
495 2576 579 2640 quae
607 2557 704 2621 nullis
732 2559 890 2623 maclrinis
918 2560 957 2623 ad
981 2581 1091 2624 sanam
1114 2562 1270 2624 rationem
1303 2561 1511 2639 revocaveris,
1543 2560 1590 2623 661
1615 2580 1650 2623 66
1672 2579 1735 2642 quo
1762 2560 1837 2642 fait.
1871 2579 1985 2643 nempe
2015 2579 2087 2643 par·

283 2683 400 2746 1166166
427 2682 476 2744 661
504 2687 577 2745 ante
603 2681 670 2764 lili-i
693 2683 829 2747 insertae
859 2686 906 2747 vis
934 2685 1083 2749 lectorem
1118 2686 1257 2768 aliquem
1292 2686 1368 2748 itcm
1397 2686 1569 2768 antiquum
1603 2685 1728 2768 fugerat
1771 2683 1927 2747 vocabula
1960 2684 2088 2767 singula

283 2808 485 2892 frequentius
508 2807 683 2888 inrepsere:
709 2809 807 2872 veluti
831 2811 893 2873 nisi
907 2809 998 2872 fallor
1021 2811 1133 2874 inillis
1160 2811 1209 2890 ra,
1221 2809 1264 2873 49
1288 2809 1383 2873 cuins
1406 2847 1449 2855 -
1473 2810 1511 2874 de
1533 2810 1602 2894 lege
1625 2810 1771 2873 elodiana
1794 2811 1899 2894 agitur
1922 2846 1965 2855 —
1988 2829 2087 2891 quara

283 2932 418 3016 quisque
440 2937 564 3015 portem
580 2931 679 3014 1611911
697 2932 795 3016 6119116
813 2954 882 2999 6666
903 2935 1024 3018 praeda
1039 2935 1196 3019 6611116916
1221 2941 1278 2999 661.
1303 2936 1410 3019 digito,
1436 2955 1520 3017 voce,
1544 2937 1697 3018 suffragio
1721 2935 1842 3017 aliquid
1858 2940 1989 3019 tangere
2009 2934 2087 3016 quid

284 3057 442 3141 significet
464 3057 539 3136 scio,
568 3057 646 3138 quid
671 3058 788 3139 praeda
811 3079 876 3124 uon
899 3061 993 3124 item:
1023 3081 1145 3125 nremor
1173 3067 1240 3125 erat
1264 3061 1320 3144 qui
1348 3061 1471 3144 pracda
1495 3063 1630 3125 inseruit
1664 3059 1922 3124 antecedentium
1958 3058 2086 3121 illorum

286 3184 337 3258 18,
348 3184 391 3245 48
410 3186 570 3265 postremo
601 3181 702 3246 6616
728 3185 866 3267 praedae
897 3186 1026 3269 quidem
1056 3185 1199 3251 societate
1229 3185 1412 3270 1666619666
1434 3190 1492 3250 aad
1520 3186 1670 3270 praedem
1700 3191 1758 3251 cet.
1794 3184 1850 3250 sed
1885 3184 2023 3268 amplius
2054 3184 2087 3247 id

283 3325 387 3389 gentas
412 3307 488 3369 vitia
511 3309 661 3389 persequi
686 3326 772 3371 nunc
795 3312 916 3374 omitto.

442 3431 580 3495 Transeo
605 3432 644 3495 ad
669 3433 805 3499 alterum
831 3434 993 3519 quendam
1017 3435 1123 3499 locum
1148 3436 1188 3498 ad
1212 3454 1308 3518 quem
1334 3433 1566 3498 restituendum
1582 3434 1700 3516 paritor
1721 3438 1816 3515 atque
1841 3435 1873 3495 in
1898 3452 1944 3513 ec,
1967 3432 2007 3496 de
2024 3452 2088 3516 quo

283 3575 381 3640 snpra
404 3558 535 3643 absolvi,
558 3583 666 3627 rerum
690 3563 843 3627 memoria
866 3560 962 3645 paulo
986 3561 1143 3624 curiosius
1166 3559 1333 3624 recolenda
1355 3564 1412 3623 est.
1441 3564 1472 3622 et
1495 3557 1560 3621 scio
1590 3577 1641 3621 me
1665 3577 1798 3621 manum
1821 3558 1986 3640 spinarum
2011 3558 2089 3622 den-

283 3682 486 3749 sissimarum
510 3688 592 3751 nodo
615 3689 764 3753 inserere.
811 3690 889 3750 sunt
912 3685 1010 3749 verba
1033 3686 1176 3749 omnium
1201 3703 1359 3748 consensu
1376 3690 1525 3766 corrupta
1548 3684 1626 3746 haee
1653 3684 1702 3766 lli,
1718 3682 1777 3750 43:
1812 3676 2084 3767 [6611616661νὶ-

285 3806 393 3871 banus
400 3810 446 3894 pl.
460 3814 526 3873 toan
539 3811 577 3874 ia
593 3811 665 3876 dara
681 3812 977 3896 96666169696661
988 3811 1119 3894 16111116
1134 3809 1340 3893 ipseltnllias
1353 3807 1411 3894 (ita
1422 3808 1593 3892 parisimus
1605 3829 1647 3873 m
1658 3810 1802 3874 secunda
1814 3815 1845 3872 et
1857 3807 2085 3871 bruxellensis:

283 3933 385 3996 atilius
400 3935 453 3999 1116
477 3956 575 4000 manu
599 3935 714 4022 prima)
738 3936 790 4000 616
804 3935 955 4000 omnibus
977 3935 1072 3999 661161
1086 3933 1287 3998 clarissimus
1311 3939 1406 4017 619116
1421 3934 1666 4018 amplissimus:
1691 3929 1896 4016 quoquae)
1920 3932 2002 4011 iare,
2026 3954 2088 4016 966

284 4078 380 4141 more,
397 4060 934 4146 966666691616961666611661161
953 4059 1105 4143 (decapite
1124 4059 1204 4123 61616
1217 4059 1399 4123 indemnati
1412 4059 1538 4123 tulisti?
1574 4060 1829 4142 apographorum
1848 4059 2087 4140 interpolatores

285 4185 441 4250 alteraoa
456 4187 570 4251 tamin
585 4187 658 4251 11616
674 4187 847 4270 9116611696
863 4185 1014 4267 idemque
1026 4184 1120 4267 paulo
1137 4189 1207 4267 post
1222 4185 1332 4267 lullae,
1342 4184 1422 4248 alter
1436 4184 1554 4248 ibidem
1571 4185 1672 4248 talias
1690 4189 1852 4247 tentavere
1869 4182 2086 4247 coniectando.

286 4329 321 4373 ac
335 4310 374 4374 de
386 4313 665 4397 nominisqnidem
678 4311 899 4376 emendatione
912 4315 1022 4392 postea
1037 4307 1232 4371 videbimus:
1247 4309 1281 4370 in
1295 4309 1434 4389 primore
1445 4309 1602 4371 enuntiati
1614 4313 1701 4392 parte
1717 4310 1773 4373 illa
1783 4315 1849 4373 tam
1861 4308 1979 4372 161666
1989 4328 2088 4390 apuam

285 4434 347 4517 1696
374 4455 502 4502 sensere
525 4439 619 4502 multi
643 4438 755 4520 iniquo
779 4454 876 4498 cursu
901 4432 1051 4498 defluere.
1092 4451 1150 4515 ego
1175 4451 1279 4514 neque
1304 4451 1362 4495 cur
1378 4430 1530 4515 Stephani
1556 4433 1635 4497 illud
1663 4435 1958 4513 161616661696966
1983 4447 2087 4511 neque

286 4578 345 4621 cur
367 4561 427 4624 lroc
446 4562 576 4644 Halmii,
600 4563 685 4647 quod
702 4562 793 4625 fuere
817 4560 873 4643 qui
898 4579 993 4641 quam
1019 4558 1159 4621 maxime
1182 4555 1435 4639 comprobarent,
1459 4563 1524 4620 tarn
1553 4557 1741 4640 careatque
1766 4556 1863 4620 aliona
1886 4555 1948 4637 1696
1971 4555 2088 4635 impro-

287 4682 368 4765 bem,
391 4686 579 4759 edisseram:
612 4687 709 4752 uerbo
734 4684 882 4750 iudicabo
907 4683 985 4767 quid
1011 4684 1107 4746 unice
1135 4700 1248 4745 verum
1279 4681 1331 4761 sit,
1367 4685 1434 4743 tara
1457 4681 1529 4744 iure
1552 4703 1653 4765 quoru
1676 4684 1746 4766 1696,
1769 4680 1890 4746 scilicet
1914 4678 2088 4741 detractate

286 4812 518 4892 praepositione
542 4812 646 4876 tribus
669 4812 815 4892 hastulis
839 4828 921 4893 <puae
947 4828 988 4872 ex
1010 4806 1218 4892 praecedente
1241 4827 1275 4868 aa
1298 4825 1511 4889 proserpscrc,
1535 4808 1736 4870 consistente.
1784 4805 1842 4868 scd
1867 4822 1952 4867 unus
1975 4804 2089 4866 invcu-

286 4941 338 4997 tus
362 4940 409 4998 est
423 4934 617 5018 Lambinus,
642 4939 697 5020 qui
722 4956 759 5001 oa
782 4955 911 5020 quoque
935 4952 1017 5017 quae
1040 4934 1233 4996 insecuntur
1256 4951 1369 5014 parum
1394 4936 1467 5015 apte
1490 4932 1670 5016 procedere,
1695 4931 1900 5015 persenserit:
1924 4948 1999 4991 uam
2025 4945 2088 5008 quo

286 5079 384 5142 96661
408 5061 489 5123 illud
525 5061 660 5125 alterum
695 5063 859 5145 pertineat,
892 5076 997 5141 neque
1031 5056 1114 5119 <lixit
1147 5056 1317 5139 quisquam
1346 5076 1452 5138 neque
1483 5060 1543 5121 erit
1568 5058 1623 5139 qui
1647 5056 1751 5120 valeat
1774 5056 1942 5139 explicare.
1990 5071 2088 5134 quaro

286 5185 470 5251 laudandus
503 5191 551 5251 cst
579 5186 633 5248 ille
667 5186 807 5268 quidem,
844 5182 930 5268 quod
963 5181 1132 5245 scribendo
1156 5185 1222 5243 1661
1249 5180 1322 5242 iare
1348 5186 1414 5244 terra
1437 5182 1507 5264 1696,
1542 5203 1641 5263 (paeana
1665 5183 1913 5246 concinnitatem
1938 5177 2089 5240 orationis

287 5310 378 5373 solito
419 5311 568 5374 acumine
600 5311 724 5393 ingenii
759 5309 993 5392 quadamtenus
1016 5306 1205 5370 restitnerit:
1237 5325 1299 5368 non
1324 5304 1478 5370 laudandi
1502 5307 1609 5390 siquid
1634 5309 1736 5388 video,
1769 5312 1824 5368 aut
1846 5302 1900 5367 ille
1924 5301 2016 5363 (arius
2040 5305 2089 5363 tu-

287 5434 488 5499 multuosum
508 5436 679 5500 inventum
704 5434 838 5498 ultimus
862 5433 1022 5496 Ciceronis
1039 5431 1140 5495 editor
1163 5431 1266 5494 textui
1285 5431 1346 5512 ipsi
1361 5433 1499 5495 inseruit
1514 5433 1600 5515 lroee,
1624 5438 1690 5496 1666
1712 5429 1825 5512 fateris,
1848 5429 1995 5509 1696661,
2019 5426 2088 5508 1696,
