4754 6354
1175 694 1214 756 11

1087 785 1299 793 ——-.-

453 907 609 971 Suebieao
633 908 773 970 nationis
798 907 922 971 enltnm
947 907 1140 989 singularem
1168 907 1297 971 Tacitus
1330 907 1380 971 lris
1409 908 1517 972 verbis
1544 913 1733 991 persecutus
1761 914 1809 973 est
1832 929 1857 973 e.
1883 910 1936 973 38:
1968 908 2096 994 insipere

285 1032 391 1118 pontis
422 1031 584 1115 obliquare
621 1032 742 1095 erinern
780 1032 924 1113 nodoque
960 1029 1183 1113 substringere.
1231 1030 1278 1093 sie
1312 1030 1411 1094 Suebi
1441 1052 1462 1094 o
1489 1032 1599 1096 ceteris
1634 1031 1817 1112 Germanis,
1844 1033 1891 1095 sio
1915 1031 2095 1098 Sueborum

288 1156 427 1241 ingenui
448 1177 469 1220 u
490 1156 592 1219 ser-ris
615 1160 817 1241 separantur.
865 1155 904 1217 iu
926 1154 1002 1217 otiis
1022 1154 1170 1237 pentibus
1192 1175 1249 1218 seu
1272 1155 1456 1238 eopnolione
1478 1155 1589 1239 olr‘uuo
1615 1154 1794 1219 Sueborum
1809 1176 1875 1236 seer,
1899 1158 1985 1238 quod
2004 1178 2096 1241 saepe

289 1280 414 1360 oceidit,
437 1280 618 1344 imitatione
642 1300 755 1343 rorum.
779 1284 807 1341 ei
829 1280 920 1343 iutro
941 1278 1089 1342 iurentur
1115 1280 1269 1362 spatium,
1293 1280 1383 1363 opud
1408 1279 1527 1343 Suebos
1553 1300 1657 1361 usrpre
1678 1280 1721 1343 od
1742 1278 1894 1343 euuitiern
1916 1280 2096 1345 horrentem

288 1405 443 1489 copiti-unt
466 1409 549 1467 reiro
564 1410 717 1467 seeuulur
741 1402 794 1488 (nn
811 1404 1002 1473 serlnernrtil
1029 1423 1067 1465 oe
1082 1423 1173 1486 saepe
1197 1403 1233 1466 in
1251 1402 1339 1486 ipso
1355 1403 1466 1467 reriiee
1489 1403 1658 1485 retinetur:
1679 1401 1885 1486 prinoipesei
1900 1406 2096 1469 ornatiorem

287 1528 411 1593 babent.
460 1530 504 1590 ita
527 1528 604 1591 haee
628 1530 746 1611 optime.
770 1528 947 1611 procedunt
971 1528 1004 1589 in
1032 1526 1175 1605 leidensi,
1198 1528 1366 1590 ratieanns
1396 1529 1425 1590 ei
1454 1527 1611 1611 gemellus
1636 1528 1753 1590 veteris
1776 1528 1901 1609 glossae
1924 1530 2094 1612 vestigium

646 1648 672 1705 li
682 1666 723 1703 rso

288 1723 428 1786 servarit
452 1721 620 1785 scribendo
643 1666 716 1801 silo,
741 1728 862 1785 eeteros
886 1740 997 1785 ornnes
1022 1721 1206 1785 obscurarit
1228 1721 1335 1805 glossa
1358 1724 1436 1805 ipsis
1453 1723 1560 1786 verbis
1584 1723 1701 1785 inserta
1724 1720 1795 1804 ipso
1818 1723 1891 1803 solo,
1915 1722 2001 1787 unde
2018 1728 2096 1806 quot

288 1851 374 1908 ortae
398 1846 463 1907 sint
485 1845 584 1909 falsae
607 1847 818 1923 eonieetnrae,
844 1847 1061 1909 enarrationes
1083 1864 1261 1928 perversae,
1285 1846 1390 1908 taedet
1418 1846 1544 1909 referre.
1591 1843 1690 1908 sobrii
1713 1845 1858 1907 homines
1882 1847 1992 1909 indicii
2019 1846 2095 1910 dum

286 1968 382 2031 modo
406 1970 440 2030 in
469 1969 617 2033 eodienm
646 1971 865 2033 aestimatione
894 1990 957 2032 non
988 1971 1188 2049 eaeenttiant,
1215 1970 1269 2030 rix
1296 1969 1408 2032 dubito
1443 1972 1521 2052 quin
1545 1970 1764 2033 intellexerint
1791 1971 1914 2052 ipsum
1942 1975 2093 2035 verticem

287 2098 409 2174 perlem
434 2093 496 2154 diei
521 2094 633 2176 eapitis
657 2113 827 2173 snnnnam,
851 2114 933 2176 elnae
957 2095 1050 2171 sola,
1079 2100 1113 2155 nt
1136 2099 1220 2157 recte
1243 2095 1400 2175 glossator
1423 2113 1491 2157 rem
1516 2093 1665 2178 expediit,
1688 2093 1764 2155 nodi
1786 2094 1914 2176 insigne
1937 2094 2027 2160 ferat.

446 2216 582 2281 Nullum
608 2220 717 2280 inserti
741 2218 942 2299 glossematis
966 2219 1136 2299 vestigium
1160 2225 1305 2300 superest
1333 2218 1368 2279 in
1394 2216 1499 2281 verbis
1522 2237 1549 2282 e.
1576 2218 1629 2279 18:
1661 2237 1737 2280 nuru
1761 2238 1864 2300 propo
1889 2218 1950 2281 soli
1977 2216 2092 2281 borba-

285 2360 398 2404 rorum
414 2341 553 2423 sinpulis
576 2341 733 2404 erroribus
756 2342 894 2405 eontenti
915 2346 993 2404 suni
1016 2338 1149 2423 arreptis
1171 2340 1344 2403 admodum
1362 2343 1490 2424 petreis,
1514 2342 1573 2423 qui
1594 2362 1661 2405 reon
1684 2340 1816 2404 libidine
1838 2342 1893 2404 sed
1914 2341 1951 2405 ob
1973 2341 2091 2405 nobili·

286 2470 379 2528 tuteru
402 2466 594 2548 pluri-ruis
619 2466 744 2549 ineptiis
767 2465 968 2530 ambiuntur.
1013 2466 1075 2527 fnit
1109 2465 1167 2547 qni
1201 2466 1332 2528 sentiret
1367 2465 1539 2528 admodum
1568 2468 1675 2549 inepte
1703 2465 1766 2528 dici
1788 2485 1907 2549 paitcos
1934 2465 2094 2529 nobilium

280 2589 472 2672 plurimis
495 2590 650 2672 uerptiis
673 2589 801 2667 ambiri,
828 2590 883 2653 sed
904 2588 1057 2674 plebibus
1074 2589 1151 2652 dnm
1166 2589 1313 2669 restitnit,
1336 2589 1464 2653 ridetur
1487 2589 1572 2653 idem
1597 2589 1714 2653 oblitus
1738 2610 1807 2653 esse
1831 2590 1941 2653 lumen
1966 2596 2093 2654 senten·

285 2715 347 2776 tiae
374 2715 409 2776 in
438 2714 600 2777 ambiendi
630 2713 785 2776 roenbnlo
814 2716 894 2777 rnire
916 2712 1029 2775 intlato
1053 2714 1218 2775 contineri.
1269 2732 1366 2794 quare
1401 2714 1535 2797 expulso
1563 2714 1763 2796 glossemate,
1798 2715 1886 2796 qnod
1920 2714 2013 2778 faeilo
2036 2716 2093 2797 qui

284 2856 460 2919 patuerunt
485 2857 656 2900 nnmerum
681 2837 877 2920 respieiebat,
901 2837 1123 2919 adscripserat,
1140 2838 1280 2901 'restitue
1299 2837 1358 2919 qui
1373 2857 1438 2900 uon
1454 2837 1596 2918 libidine,
1619 2839 1674 2901 sed
1687 2838 1725 2901 ob
1748 2838 1943 2902 nobilitatem
1965 2837 2094 2921 nuptiis

283 2959 492 3035 erudientem·
518 2961 639 3023 scilieet
661 2968 783 3045 poterat
806 2962 920 3043 dicere,
945 2968 978 3025 nt
1002 2962 1138 3044 saepius,
1160 2961 1289 3043 irreptiis
1306 2966 1343 3023 ut
1367 2962 1413 3024 iio
1435 2962 1572 3025 dirorinz
1590 2963 1641 3024 rel
1657 2968 1693 3024 ut
1706 2962 1752 3025 ito
1767 2962 1881 3043 dieunt,
1906 2966 1942 3025 nt.
1965 2962 2092 3026 locutus

282 3090 330 3148 est
353 3105 379 3149 e.
406 3084 426 3146 2
449 3121 493 3129 -
515 3085 717 3150 orribiuutur.

443 3207 495 3267 Ab
531 3208 590 3269 line
626 3227 683 3290 ego
719 3216 750 3271 et
784 3209 1013 3289 glossematum
1042 3210 1204 3292 archetypi
1230 3218 1260 3273 et
1284 3210 1539 3292 aprngraplrnrnm
1564 3229 1656 3273 orsus
1680 3212 1900 3274 aestimatione
1924 3230 2016 3294 spero
2039 3230 2091 3275 me

282 3329 344 3392 alio
368 3336 518 3414 tempore,
542 3350 616 3395 eum
641 3333 891 3395 instrumentum
916 3333 1061 3395 criticum
1086 3332 1251 3397 sntfieiens
1280 3353 1445 3415 paravere,
1480 3332 1554 3395 libri
1584 3334 1621 3395 de
1654 3334 1778 3417 oripine
1805 3340 1833 3398 et
1859 3333 1927 3397 situ
1959 3334 2091 3398 Gereno-

281 3474 401 3516 norurn
425 3458 535 3519 —ita
567 3458 652 3520 enim
685 3457 716 3518 in
754 3463 860 3520 vetere
888 3457 997 3520 codiee
1025 3464 1057 3520 et
1085 3459 1214 3539 quidem
1238 3465 1324 3521 reete
1348 3460 1377 3520 ei
1401 3460 1593 3540 inscriptum
1617 3458 1678 3522 fnit
1701 3495 1744 3505 —
1767 3461 1923 3522 rationem
1948 3460 2088 3521 eritieam

282 3575 491 3641 liberaturum
517 3599 586 3643 esse
610 3580 650 3642 ab
675 3582 844 3663 ingruente
867 3581 1022 3644 falsarum
1046 3583 1303 3645 eonieettnnrnm
1327 3581 1419 3644 mule.

441 3736 511 3801 Dat.
536 3738 727 3823 Regimontii
753 3761 794 3804 rn.
820 3740 885 3803 lan.
911 3761 936 3802 a.
964 3741 1057 3802 lese.
