4754 6354
1133 738 1151 805 5

1035 836 1242 843 —-..-.

237 961 387 1026 dissensit
410 980 511 1037 uuus,
546 959 576 1023 is
609 957 668 1042 (μα’
689 979 752 1022 suo
775 960 836 1042 lepe
858 958 1043 1023 coniuratos
1074 957 1171 1022 etcum
1194 957 1234 1021 ub
1258 956 1376 1040 terseris
1399 957 1582 1022 erceitnndos
1600 962 1746 1041 putarat.
1793 962 1924 1041 apparet
1947 957 2048 1041 igitur

237 1088 377 1171 primum
402 1090 468 1149 tam
491 1104 532 1149 ex
556 1085 606 1148 bis
629 1082 737 1147 verbis
761 1103 860 1167 cluam
884 1102 926 1146 ex
952 1082 1112 1146 similibus
1135 1085 1286 1147 orationis
1311 1083 1350 1146 de
1380 1083 1472 1145 domo
1496 1081 1526 1162 6,
1553 1083 1594 1144 14
1625 1101 1726 1144 uniun
1751 1083 1784 1146 P.
1811 1081 1957 1145 Clodium
1983 1081 2047 1145 dis·

239 1211 378 1274 sensisse
414 1231 433 1273 a
463 1209 618 1273 relatione
640 1207 676 1272 P.
702 1207 827 1272 Lentuli
861 1208 1002 1272 consulis
1034 1208 1136 1291 legem
1173 1208 1212 1272 de
1247 1208 1355 1272 reditu
1380 1208 1544 1272 Ciceronis
1579 1205 1753 1290 rogandam
1788 1226 1857 1270 csse
1881 1208 2049 1287 censentis,

240 1333 364 1416 deinde,
386 1334 418 1397 id
444 1334 530 1417 quod
554 1333 681 1397 videtur
703 1334 843 1398 sensisse
865 1330 1076 1396 Drumannus
1100 1330 1206 1414 2295
1231 1333 1302 1396 adn.
1328 1335 1378 1415 38,
1402 1333 1475 1396 licet
1492 1331 1628 1396 Manutii
1653 1332 1868 1394 coniecturam
1893 1332 1955 1394 alio
1979 1331 2047 1394 locu

238 1458 431 1542 probaverit,
455 1460 555 1523 fuisse
579 1459 641 1542 Ap.
665 1456 836 1521 Claudium
859 1463 1039 1542 praetorem
1062 1459 1146 1522 inter
1169 1458 1393 1538 adsentientes,
1424 1457 1585 1540 siquidem
1616 1461 1695 1520 teste
1724 1457 1899 1539 gratiarum
1924 1458 2048 1519 actione

240 1584 449 1668 irrupistrotus
471 1604 601 1648 omnes
624 1585 658 1646 in
682 1588 796 1647 senatu
821 1582 959 1647 adfuere.
1006 1602 1106 1666 quare
1134 1584 1257 1647 etiamsi
1280 1602 1345 1645 non
1368 1583 1464 1647 fuerit
1488 1583 1571 1645 inter
1595 1582 1801 1665 magistratus
1824 1600 1889 1660 eos,
1919 1582 1974 1664 qui
2004 1581 2048 1645 le-

240 1728 311 1794 gem
346 1709 435 1772 illam
460 1710 598 1773 comitiis
632 1709 820 1772 centuriatis
851 1707 1140 1792 promulgaverunt
1164 1744 1205 1755 -
1231 1708 1316 1791 quod
1340 1727 1404 1771 non
1427 1708 1654 1792 postulandum
1679 1707 1780 1770 fuisse
1806 1705 1913 1769 Cicero
1937 1708 1970 1768 in
1995 1704 2048 1769 Pi-

241 1835 375 1899 soniana
398 1832 506 1897 verbis
540 1833 830 1917 indulgentissimis
864 1837 999 1897 testatus
1033 1838 1082 1897 est
1104 1868 1147 1880 -
1171 1837 1276 1896 tamen
1312 1833 1372 1897 fuit
1394 1835 1478 1896 inter
1501 1851 1564 1913 ece,
1601 1833 1656 1916 qui
1680 1833 1816 1896 reditum
1843 1831 2049 1895 Ciceronisa

240 1959 359 2043 populo
394 1957 566 2042 petendum
600 1957 671 2022 es'se
704 1959 739 2020 in
771 1962 884 2021 senatu
913 1977 1078 2023 censuere.
1126 1958 1215 2021 vides
1250 1977 1313 2040 quo
1337 1959 1408 2021 iure
1431 1958 1512 2021 illud
1531 1962 1655 2042 petente
1677 1958 1753 2021 ferri
1776 1977 1841 2020 non
1866 1976 1958 2040 posse
1983 1956 2049 2020 Ma-

242 2085 353 2148 nutius
377 2083 588 2147 contenderit:
635 2083 768 2166 petierat
790 2083 849 2167 Ap.
874 2081 1028 2147 Claudius
1052 2082 1190 2147 reditum
1214 2102 1285 2145 cum
1311 2081 1514 2146 senatoribus
1538 2081 1688 2164 CCCXV,
1713 2102 1796 2146 unus
1821 2102 1883 2145 non
1908 2083 2051 2165 petierat,

241 2207 276 2272 P.
301 2206 442 2273 Clodius.
491 2226 590 2292 quare
614 2226 690 2271 cum
712 2207 785 2271 falsi
809 2209 874 2271 sint
898 2223 1017 2290 omnes,
1046 2209 1102 2291 qui
1124 2208 1185 2271 hoc
1208 2207 1403 2272 vocabulum
1427 2210 1611 2272 coniectura
1635 2210 1666 2272 in
1693 2208 1890 2270 contrarium
1916 2226 2049 2270 convcr-

241 2338 360 2411 terunt,
388 2332 427 2397 de
450 2333 529 2415 ipsis
552 2333 746 2396 coniecturis
768 2333 862 2416 plura
885 2333 992 2397 dicere
1015 2352 1290 2417 supervacaneum
1314 2340 1375 2397 est:
1409 2335 1471 2398 nisi
1496 2333 1583 2416 quod
1606 2334 1688 2396 scire
1712 2333 1818 2413 velim,
1854 2332 2048 2415 quibusnam

243 2456 384 2520 artificiis
408 2457 449 2538 id,
474 2457 559 2540 quod
582 2462 708 2521 textum
733 2476 866 2540 operum
891 2458 1097 2522 tullianorum
1121 2459 1335 2521 novissimum
1360 2477 1532 2541 occupasse
1557 2457 1635 2537 dixi,
1658 2458 1835 2540 quiescente
1858 2458 1893 2518 in
1917 2456 2051 2519 formiam

243 2580 391 2644 vocabuli
410 2586 534 2665 petente
557 2582 770 2647 deformatum
794 2601 865 2646 esse
887 2584 998 2666 possit.
1045 2582 1100 2647 sed
1124 2587 1198 2646 utut
1221 2588 1284 2646 est:
1314 2584 1362 2645 illi
1386 2602 1497 2646 omncs
1522 2582 1598 2645 dum
1621 2582 1656 2644 in
1680 2582 1784 2664 scirpo
1808 2580 1928 2644 nodum
1954 2599 2051 2664 ‹piere-

243 2711 319 2770 runt
342 2707 453 2770 vitium
480 2726 601 2789 verum,
625 2706 711 2790 quod
734 2707 868 2769 monstri
887 2709 987 2770 instar
1009 2706 1118 2771 verbis
1140 2707 1237 2770 Tullii
1260 2708 1388 2789 insidet,
1410 2708 1583 2770 inscientes
1607 2708 1806 2789 praeteriere.

402 2832 437 2896 P.
472 2831 583 2894 Clodio
616 2831 729 2894 fratres
766 2831 866 2895 fuisse
899 2831 981 2895 diros
1018 2835 1097 2895 natu
1126 2833 1264 2896 nlaiores
1298 2834 1368 2916 ipso
1402 2837 1538 2914 constat,
1569 2834 1628 2914 Ap.
1667 2830 1838 2894 Claudium
1872 2831 2051 2894 Pulchrum

242 2956 339 3038 bunc,
367 2955 406 3020 de
435 2975 499 3038 quo
531 2956 683 3038 diximus
712 2957 767 3039 qui
798 2962 925 3041 praetor
952 2957 1013 3021 fuit
1040 2976 1077 3020 eo
1106 2976 1202 3034 anno,
1233 2976 1296 3040 quo
1331 2957 1430 3020 oratio
1461 2955 1618 3019 dedomo
1649 2955 1757 3019 babitu
1780 2962 1836 3032 est,
1871 2976 1952 3019 verr.
1977 2956 2051 3036 697,

243 3081 355 3145 consul
399 3080 503 3146 factus
546 3086 594 3146 est
636 3081 815 3145 secundum
854 3081 957 3165 legem
989 3083 1164 3147 interiectis
1202 3084 1297 3146 annis
1335 3080 1463 3145 duobus
1503 3101 1588 3144 anno
1630 3081 1702 3163 too,
1740 3085 1772 3144 et
1811 3080 1843 3145 C.
1882 3080 2050 3144 Claudium

245 3205 432 3284 Pulchrum,
466 3208 521 3287 qui
551 3211 733 3288 praeturam
759 3206 894 3289 adeptus
926 3212 974 3268 est
1001 3227 1085 3270 anno
1112 3207 1186 3290 698,
1218 3208 1275 3288 qui
1305 3207 1470 3269 insecutus
1499 3210 1546 3268 cst
1574 3225 1697 3268 annum
1731 3204 1857 3268 habitae
1889 3206 2052 3286 orationis,

244 3329 361 3394 deinde
383 3329 495 3392 Asiam
520 3330 719 3413 provinciam
744 3350 828 3394 anno
853 3331 1153 3414 scammoniam
1177 3351 1242 3394 non
1265 3333 1350 3394 item.
1385 3349 1468 3412 quae
1493 3349 1568 3393 cum
1591 3330 1636 3392 ita
1660 3331 1732 3409 sint,
1758 3330 1836 3412 quid
1861 3334 1909 3393 est
1933 3348 2051 3412 quaeso

244 3455 331 3538 quod
353 3455 479 3519 Tullius
503 3475 572 3520 sese
602 3455 724 3520 redisse
747 3461 883 3520 testatur
906 3455 1007 3521 Clodii
1030 3458 1132 3542 fratre
1155 3456 1252 3520 altero
1275 3454 1404 3519 consule
1426 3454 1600 3534 reducente,
1628 3455 1725 3518 attero
1747 3459 1891 3538 praetore
1905 3455 2050 3538 petente?

245 3580 322 3664 quid
346 3582 471 3663 igitur?
495 3581 669 3644 fratremne
694 3582 846 3644 maiorem
872 3580 908 3645 P.
933 3579 1033 3645 Clodii
1060 3584 1095 3645 in
1121 3581 1213 3645 binos
1237 3583 1382 3645 homines
1407 3580 1600 3644 dissecuisse
1622 3580 1786 3663 putandus
1810 3577 1997 3643 estTullius
2021 3585 2052 3642 et

243 3705 287 3767 ita
316 3704 508 3768 dissecuisse
536 3710 571 3767 ut
600 3705 813 3788 consulatum,
843 3724 941 3789 quem
974 3707 1025 3769 hic
1053 3705 1183 3770 duobus
1213 3707 1306 3769 annis
1339 3711 1411 3788 post
1448 3703 1616 3769 assecutus
1653 3710 1710 3788 est,
1747 3705 1874 3769 futurae
1903 3704 2051 3768 fortunae

245 3835 333 3894 vates
357 3831 385 3893 ei
409 3829 557 3894 tribuerit
575 3830 645 3912 ipso
661 3829 783 3895 reditus
806 3833 857 3895 sui
881 3831 986 3893 anno?
1010 3831 1105 3894 audio
1128 3832 1320 3895 reviviscere
1346 3830 1527 3894 wolfianum
1551 3829 1634 3892 illud
1659 3829 1783 3913 ‘nempe
1806 3830 1884 3894 haec
1907 3831 2051 3895 animum

244 3954 341 4017 huius
365 3955 526 4037 scriptoris
550 3974 614 4018 non
639 3954 791 4038 tetigere’.
822 3973 897 4039 ergo
924 3955 1073 4037 plaudite,
1103 3955 1252 4031 Quirites.
1281 3956 1369 4037 mihi,
1399 3957 1453 4037 qui
1477 3974 1656 4038 numquam
1679 3953 1827 4018 dubitavi
1851 3956 1929 4038 quin
1951 3956 2050 4018 oratio

245 4079 283 4143 de
312 4080 405 4143 domo
432 4080 517 4143 inter
538 4082 681 4162 genuina
704 4077 747 4143 Μ.
771 4077 866 4142 Tullii
894 4097 989 4162 opere
1012 4079 1202 4145 dexteritate
1226 4082 1513 4165 argumentationis
1547 4086 1578 4144 et
1605 4080 1793 4143 elocutionis
1822 4080 1903 4142 mira
1932 4080 2050 4142 vivaci-

245 4207 309 4267 tate
331 4205 502 4287 primorem
526 4203 633 4268 locum
658 4202 807 4284 obtineat,
839 4202 878 4266 ad
907 4203 1088 4267 eruendum
1119 4205 1325 4270 librariorum
1354 4224 1502 4287 errorem,
1533 4207 1669 4269 monstri
1688 4205 1776 4268 illius
1805 4224 1947 4286 causam,
1976 4224 2049 4267 con·

245 4327 435 4411 fugiendum
461 4334 515 4392 est.
552 4348 647 4412 supra
676 4329 744 4392 dixi
767 4329 800 4390 in
825 4328 936 4393 codice
958 4329 1100 4413 parisino
1128 4330 1226 4394 verba
1249 4337 1358 4396 nostra
1380 4333 1426 4395 sic
1449 4331 1565 4414 scripta
1589 4331 1665 4414 legi:
1694 4328 1777 4393 redii
1803 4350 1878 4393 eum
1906 4330 2050 4393 munima

244 4452 397 4536 dignitate
418 4452 491 4518 cieo
517 4452 618 4536 fratre
642 4457 696 4516 tuo
717 4453 814 4516 attero
836 4454 963 4516 coresule
985 4453 1158 4536 reducente,
1181 4456 1278 4519 attero
1296 4462 1443 4542 praetore
1461 4461 1593 4541 petente.
1624 4460 1656 4519 et
1678 4457 1722 4519 ita
1752 4455 1903 4539 leguntur
1933 4456 2050 4538 scripta

244 4583 370 4660 praeter
404 4578 437 4641 id
467 4577 507 4641 de
538 4596 601 4660 quo
629 4575 827 4642 absolvimus
858 4579 893 4640 in
921 4577 1118 4642 bruxellensi
1151 4582 1407 4664 apographisque
1444 4581 1593 4646 omnibus
1624 4580 1819 4662 recentibus
1852 4580 1970 4664 quibus
2000 4600 2050 4644 me

247 4719 371 4766 ornnem
395 4701 493 4765 fidem
516 4701 668 4785 derogare
692 4722 789 4786 supra
812 4703 998 4787 significavi.
1022 4706 1223 4789 nescioquis
1247 4707 1370 4789 primus
1394 4707 1551 4771 editorum
1574 4707 1735 4769 invexerit
1758 4706 1907 4769 voculam
1931 4710 1958 4768 tc
1977 4710 2050 4770 ante

244 4824 317 4889 ¹en'uo
351 4827 558 4891 vocabulum:
594 4828 654 4890 hoc
691 4828 801 4892 videor
833 4830 912 4892 mihi
935 4829 1121 4913 intellegere
1149 4849 1243 4893 ourne
1266 4832 1327 4894 loci
1353 4852 1488 4896 acumen
1521 4834 1640 4896 inserto
1673 4850 1709 4894 eo
1738 4832 1848 4914 perire.
1878 4850 1951 4893 narn
1975 4833 2049 4895 vivo

246 4950 353 5014 Clodio
378 4951 464 5033 quod
488 4952 600 5016 urbem
623 4954 756 5016 intravit
779 4951 898 5035 Cicero,
913 4954 999 5037 quid
1023 4955 1098 5017 facit
1116 4954 1156 5017 ad
1181 4953 1465 5020 demonstrandum
1495 4956 1527 5018 id
1558 4975 1621 5037 quo
1646 4956 1684 5019 de
1708 4956 1823 5039 agitur,
1851 4976 1916 5020 non
1948 4959 2049 5039 inagis

247 5074 391 5139 Ciceroni
424 5095 520 5160 quam
544 5078 614 5141 aliis
638 5079 840 5142 inimicorum
863 5079 1016 5142 iniuriam
1046 5078 1162 5162 probro
1197 5098 1265 5143 csse
1294 5082 1411 5164 posse?
1447 5100 1506 5144 nec
1538 5080 1638 5144 defuit
1666 5082 1720 5163 qui
1749 5081 1783 5143 id
1812 5083 1959 5144 sentiret:
1993 5081 2049 5143 sed

246 5201 332 5284 quod
363 5202 507 5284 reposuit
529 5202 593 5282 ille,
615 5200 726 5283 incito,
755 5204 805 5267 vel
835 5209 965 5287 propter
996 5203 1142 5268 vocabuli
1170 5224 1302 5269 sensum
1332 5206 1517 5290 depressum
1548 5207 1581 5267 in
1611 5224 1648 5268 eo
1673 5205 1806 5268 oratoris
1834 5212 1944 5268 contra
1966 5204 2048 5267 illud

246 5344 390 5407 coenaren,
414 5331 610 5411 portentum,
641 5328 743 5391 scetus
772 5366 812 5374 -
842 5335 918 5392 sunt
951 5331 1036 5393 enim
1071 5349 1108 5393 ea
1131 5329 1294 5394 Ciceronis
1320 5331 1370 5412 18,
1383 5331 1424 5392 47
1458 5367 1497 5376 -
1526 5331 1635 5394 furore
1666 5330 1816 5394 effrenato
1840 5328 2048 5393 nullomodo

245 5467 339 5531 posse
360 5451 436 5516 terri
459 5458 571 5537 sponte
594 5457 734 5538 apparet.
764 5453 819 5517 sed
843 5455 961 5517 omisso
985 5455 1046 5517 hoc
1068 5455 1207 5519 hominis
1231 5475 1345 5538 parum
1370 5458 1456 5519 acuti
1480 5455 1668 5521 emblemate
1692 5458 1719 5520 si
1743 5457 1851 5520 eiectis
1874 5456 1930 5532 eis,
1965 5475 2048 5538 quae
