4754 6354
1179 737 1200 800 4

285 955 362 1018 dixi.
412 972 596 1037 quanquam
629 953 732 1036 siquis
764 958 939 1036 utrumque
962 952 1103 1016 codicem
1128 953 1239 1017 eodem
1264 971 1304 1018 ox
1329 953 1499 1036 archetypo
1524 951 1657 1014 ductum
1686 971 1756 1016 esse
1783 953 1989 1033 contenderit,
2025 973 2088 1018 non

283 1079 425 1161 graviter
440 1077 646 1142 adversabor:
676 1075 870 1141 adversabor
893 1077 949 1157 eis,
973 1078 1030 1160 qui
1053 1075 1143 1140 libris
1167 1083 1237 1160 post
1259 1077 1426 1142 saeculum
1452 1076 1679 1141 duodecimum
1703 1078 1829 1163 scriptis
1848 1077 1888 1142 ad
1908 1079 2089 1143 orationum

284 1202 413 1265 illarum
446 1201 554 1266 decem
588 1207 712 1266 textum
747 1201 983 1265 restituendum
1019 1201 1141 1284 aliquid
1163 1202 1315 1286 ponderis
1347 1200 1531 1266 attribuant.
1579 1221 1644 1284 qua
1677 1200 1716 1265 de
1748 1220 1782 1264 re
1805 1203 1839 1265 in
1868 1221 1905 1266 ea
1937 1205 2089 1282 oratione,

285 1327 323 1389 ad
348 1327 442 1390 errius
466 1331 497 1390 et
519 1347 639 1391 naevos
664 1327 787 1409 aliquot
811 1327 1038 1390 emaculandos
1062 1330 1094 1390 et
1117 1326 1219 1390 nodos
1243 1327 1414 1391 solvendos
1438 1346 1526 1390 nunc
1548 1344 1693 1410 propero,
1715 1327 1890 1390 orationem
1915 1327 1958 1392 de
1982 1327 2090 1391 domo

285 1453 366 1532 dico,
387 1452 531 1535 potuisse
555 1451 696 1515 dubitari
722 1452 776 1513 vix
800 1451 982 1515 credideris,
1038 1456 1114 1515 sunt
1137 1456 1243 1515 tamen
1269 1454 1335 1535 qui,
1368 1451 1457 1515 faece
1485 1451 1540 1514 illa
1563 1470 1580 1514 e
1604 1449 1886 1515 wolfenbuttelano
1910 1451 2089 1536 similisque

284 1577 405 1640 farinae
429 1575 556 1640 schedis
580 1576 751 1640 neotericis
776 1576 920 1640 conlecta
943 1575 1054 1639 saltem
1079 1582 1143 1658 aut,
1167 1577 1252 1660 quod
1277 1575 1444 1640 ferendum
1469 1579 1526 1658 est,
1548 1575 1622 1639 licet
1637 1575 1764 1639 irritum
1780 1577 1831 1657 sit,
1853 1575 2091 1658 depravationis

284 1679 403 1766 sensim
426 1720 614 1785 progressae
638 1701 803 1765 historiam
828 1701 950 1765 utiliter
972 1700 1137 1764 inlustrari
1160 1700 1223 1764 sibi
1245 1705 1471 1785 pessuaseriut,
1504 1705 1568 1780 aut,
1600 1697 1686 1783 quud
1715 1698 1887 1763 ridiculum
1911 1705 1969 1784 est,
2002 1703 2090 1766 testi-

284 1827 399 1890 moniis
445 1825 591 1889 codicum
627 1825 760 1908 parisini
795 1828 827 1887 et
864 1823 1084 1889 bruxellensis
1123 1826 1183 1889 ista
1222 1824 1353 1889 infimae
1388 1826 1483 1890 sortis
1517 1825 1723 1908 aliquatenus
1762 1825 1973 1910 exaequanda
2021 1845 2090 1891 esse

284 1953 476 2017 existiment.
522 1951 578 2013 sed
612 1950 690 2012 haec
725 1968 880 2031 quorsum
914 1951 1096 2033 pertineant
1129 1951 1272 2034 ipsorum
1301 1951 1429 2015 illorum
1463 1969 1544 2035 quos
1575 1948 1644 2013 dixi
1666 1967 1842 2013 naevorum
1867 1951 2089 2037 modorumque

284 2076 482 2141 edissertatio
506 2074 636 2137 abunde
659 2073 793 2137 docebit.

443 2200 601 2284 Incipiam
624 2197 664 2261 ab
688 2217 725 2262 eo
749 2198 818 2261 loco
843 2218 907 2282 quo
929 2198 1065 2282 Tullius,
1084 2200 1205 2285 quibus
1229 2205 1261 2264 et
1284 2206 1417 2265 senatus
1441 2200 1597 2264 consultis
1621 2204 1653 2264 et
1674 2201 1801 2285 legibus
1823 2199 1961 2284 publicis
1985 2202 2018 2263 in
2042 2201 2090 2264 in·

283 2332 409 2409 tegrum
438 2326 608 2391 restitutus
641 2324 690 2405 sit,
725 2322 866 2388 breviter
893 2326 1088 2407 perstrinxit.
1135 2327 1303 2410 sicigitur
1329 2324 1477 2390 Clodium
1507 2325 1562 2388 ille
1593 2324 1779 2409 adloquitur
1802 2327 1854 2408 33,
1877 2326 1936 2388 87:
1970 2326 2008 2388 r'n
2031 2347 2089 2407 rae,

282 2451 342 2535 qur'
359 2450 524 2536 profectus
546 2469 621 2514 sune
644 2448 773 2531 intepen
805 2448 881 2531 usui
908 2448 1011 2512 simul
1036 2469 1110 2513 eurn
1133 2471 1167 2514 rc
1184 2449 1327 2534 publice,
1350 2449 1434 2514 redii
1455 2469 1530 2514 curn
1552 2450 1698 2514 momina
1721 2450 1875 2535 dr'prn'tete
1898 2450 1969 2514 turo
1990 2451 2093 2534 fratre

283 2580 338 2639 tuo
360 2575 457 2640 altero
480 2575 608 2640 consule
630 2574 804 2653 reducente,
827 2574 924 2637 aliero
943 2578 1090 2657 praetore
1111 2579 1280 2658 petente,
1314 2580 1409 2639 tuum
1439 2575 1541 2639 scelus
1575 2595 1683 2638 merem
1709 2574 1868 2659 probrum
1899 2580 1999 2659 putea
2026 2595 2091 2639 esse

282 2702 444 2786 oportere?
469 2703 515 2765 sic
538 2701 717 2785 parisinus:
743 2703 775 2761 at
796 2698 832 2760 in
855 2697 1057 2763 bruxellensi
1072 2699 1203 2763 ducente
1218 2699 1345 2783 legitur,
1369 2701 1402 2762 in
1420 2719 1487 2763 uno
1503 2699 1767 2783 interpolatorum
1791 2701 1874 2765 idem
1899 2703 1979 2768 illud
2004 2705 2090 2787 quod

283 2825 377 2891 habet
400 2826 573 2910 parisinus,
606 2823 642 2885 in
677 2821 750 2885 aliis
785 2822 835 2886 vel
858 2820 988 2905 dicente,
1022 2822 1108 2906 quod
1136 2824 1313 2888 alectiono
1337 2824 1555 2890 bruxellensis
1579 2825 1737 2889 detortum
1761 2832 1818 2911 est,
1852 2830 1903 2894 vel
1925 2828 2090 2908 detinente,

285 2951 371 3036 quod
396 2954 579 3014 coniectura
600 2946 713 3010 fictum
737 2952 785 3010 est
808 2965 910 3029 eaque
934 2945 1083 3010 absurda.
1128 2949 1192 3010 ianr
1226 2950 1368 3033 primum
1404 2955 1533 3034 apparet
1568 2949 1783 3015 bruxellensis
1814 2953 1888 3017 libri
1923 2955 2091 3018 lectionem

284 3078 401 3141 vitiosa
423 3073 573 3138 vocabuli
597 3071 815 3137 antecedentis
838 3071 1003 3136 reducente
1026 3074 1192 3137 iteratione
1216 3079 1315 3139 ortam
1340 3094 1423 3139 esse:
1455 3094 1529 3137 nam
1557 3079 1734 3156 utcumque
1758 3075 1797 3140 de
1820 3081 1946 3162 reipsa
1970 3078 2091 3141 iudica-

283 3203 380 3283 bitur,
413 3218 511 3265 sensu
540 3198 764 3279 sententiaque
800 3215 906 3262 carere
940 3196 1021 3260 illud
1056 3196 1247 3263 ‘reduxisse’
1280 3200 1427 3283 alterum,
1460 3200 1596 3264 alterum
1632 3197 1787 3266 ‘duxisse’
1822 3222 1917 3268 nemo
1951 3201 2090 3287 negabit.

286 3344 385 3412 quare
420 3329 451 3388 et
487 3324 542 3407 qui
576 3323 755 3405 antiquitus
779 3322 861 3385 hanc
884 3321 1053 3385 lectionem
1084 3323 1267 3386 coniectura
1290 3325 1449 3388 refiuxere
1472 3322 1641 3387 scribendo
1664 3323 1783 3388 dicente
1806 3330 1836 3390 et
1860 3329 1917 3410 qui
1940 3328 1989 3391 his
2012 3334 2092 3392 tem-

284 3449 415 3537 poribus
444 3448 614 3513 seribendo
637 3467 705 3511 non
727 3451 838 3510 centro
860 3445 988 3529 dicente,
1025 3447 1054 3510 ei
1087 3467 1218 3530 prorsus
1247 3447 1286 3511 de
1309 3449 1363 3511 via
1386 3448 1557 3513 deflexisse
1580 3449 1730 3512 censendi
1753 3455 1839 3531 sunt,
1873 3456 1982 3514 contra
2005 3456 2091 3515 recta

284 3575 476 3661 perrexisse,
500 3574 558 3655 qui
579 3573 714 3656 parisini
738 3572 857 3635 codicis
881 3573 1071 3655 scripturam
1095 3573 1330 3637 immutandam
1354 3573 1417 3639 sibi
1440 3579 1649 3658 sumpserunt
1672 3574 1723 3638 vel
1745 3574 1885 3658 potiente
1908 3576 2092 3658 scribentes,

286 3700 372 3786 quod
396 3695 562 3762 Manutius
586 3697 869 3761 commendaverat
891 3715 964 3760 cum
988 3697 1060 3762 aliis
1084 3704 1150 3762 tum
1173 3698 1345 3763 Garatouio
1367 3705 1463 3782 atque
1479 3696 1670 3762 Drumanno
1695 3700 1724 3781 2,
1749 3700 1810 3763 187
1837 3701 1910 3765 adn.
1937 3701 1987 3781 36,
2010 3718 2091 3780 quos

285 3846 390 3910 nuper
413 3828 553 3888 sectatus
577 3830 626 3886 est
648 3821 815 3886 Rueckius
840 3825 1084 3907 programmatis
1108 3825 1146 3888 de
1171 3826 1312 3887 oratione
1335 3823 1390 3886 illa
1412 3823 1617 3888 monacensis
1640 3844 1667 3888 a.
1695 3824 1777 3887 1881
1803 3845 1831 3905 p.
1855 3820 1906 3901 30,
1931 3821 1980 3884 vel
2004 3821 2090 3904 quod

285 3952 462 4017 novissima
484 3947 581 4011 'lollii
605 3947 751 4029 exemplu
774 3945 984 4011 teubueriana
1008 3950 1183 4032 occupavit,
1206 3948 1390 4031 quiescente,
1415 3953 1478 4026 aut,
1503 3949 1588 4030 quod
1612 3947 1652 4010 ab
1674 3948 1723 4011 his
1746 3948 1949 4012 tentamentis
1964 3951 2030 4011 toto
2054 3952 2091 4010 ut

286 4079 377 4140 aiunt
392 4075 480 4139 caelo
496 4073 602 4150 distat,
619 4075 771 4155 repetente
787 4072 837 4135 vel
856 4073 1016 4155 referente.
1043 4072 1088 4135 nil
1111 4073 1181 4138 dico
1199 4073 1238 4138 de
1255 4074 1304 4138 bis
1320 4073 1522 4155 coniecturis,
1546 4091 1626 4155 quas
1642 4071 1757 4136 ultimo
1777 4072 1846 4136 loco
1864 4070 1985 4135 rettuli:
2012 4090 2090 4154 qua-

286 4222 357 4265 rum
381 4218 513 4263 causam
536 4216 587 4261 me
611 4198 708 4260 latere
731 4198 872 4281 ingenue
896 4197 1005 4260 fateor.
1051 4197 1089 4260 ad
1114 4198 1187 4263 illos
1209 4218 1261 4262 me
1284 4203 1443 4278 converto,
1472 4197 1591 4281 quibus
1616 4197 1718 4260 facem
1741 4197 1892 4281 praetulit
1914 4195 2090 4260 Manutius.

285 4326 416 4405 scilicet,
449 4329 486 4387 ut
509 4322 614 4386 verbis
636 4320 774 4386 Rueckii
797 4327 877 4402 utar,
912 4320 1041 4405 ‘petente
1064 4323 1154 4387 nullo
1189 4323 1284 4386 modo
1319 4323 1394 4386 terri
1428 4324 1540 4406 potest,
1576 4341 1650 4385 nam
1683 4341 1725 4387 ex
1749 4322 1825 4388 Sest.
1850 4342 1877 4388 c.
1902 4324 1944 4387 40
1969 4328 2000 4386 et
2023 4323 2088 4386 Pis.

286 4471 311 4515 c.
342 4452 378 4514 15
413 4448 609 4530 intellegitur
631 4446 774 4530 Appium
799 4445 974 4510 Pulchrum
1010 4447 1140 4512 fratrem
1174 4446 1284 4512 Publii
1318 4467 1337 4511 a
1370 4447 1459 4510 nullo
1493 4447 1645 4530 petivisse
1668 4454 1704 4512 ut
1728 4447 1837 4512 Cicero
1862 4443 2090 4511 reduceretur.’

285 4578 371 4639 itane
394 4575 494 4638 vero?
540 4572 729 4636 Pisoniauae
752 4570 831 4634 haee
854 4577 929 4636 sunt
951 4571 1064 4636 verba:
1093 4573 1131 4635 de
1157 4592 1304 4637 reectum
1327 4592 1437 4636 ornnes
1459 4573 1669 4656 nropretrotus
1688 4571 1945 4655 promulpossent
1963 4574 2092 4653 praeter

286 4721 392 4764 unum
415 4703 601 4783 praetorem,
631 4717 651 4760 a
680 4715 743 4779 quo
765 4715 833 4759 non
855 4696 922 4779 suit
939 4697 1182 4781 postulandum,
1210 4697 1345 4780 fratrem
1372 4696 1504 4760 inimici
1529 4696 1595 4760 rner'
1618 4701 1804 4781 praeterque
1826 4695 1906 4760 duos
1928 4695 1965 4757 rte
1988 4691 2092 4777 lupide

287 4831 407 4909 eruptos
430 4823 586 4901 tra'buuos,
616 4823 711 4904 lepern
737 4820 877 4884 comitiis
899 4822 1087 4887 centuriatis
1111 4822 1185 4887 tutr't
1206 4821 1244 4887 P.
1270 4822 1430 4887 Lentulus
1453 4842 1480 4886 e.
1506 4842 1535 4906 q.
1560 4841 1584 4885 s.
1630 4822 1714 4887 idem
1739 4822 1871 4885 brevius
1894 4818 2093 4905 significatur

286 4952 321 5013 in
345 4949 487 5011 oratione
511 4944 665 5010 Sestiana.
714 4951 746 5008 at
781 4945 857 5010 huic
892 4946 964 5030 legi,
999 4966 1083 5030 quae
1115 4948 1179 5012 lata
1208 4953 1257 5013 est
1282 4948 1362 5032 prid.
1390 4967 1464 5011 non.
1488 4946 1599 5012 Sextii.
1624 4950 1704 5011 teste
1727 4946 1865 5029 epistula
1888 4946 1927 5010 ad
1950 4945 2091 5008 Atticum

288 5077 318 5155 4,
344 5073 408 5154 1,4
432 5069 513 5133 conl.
538 5068 615 5134 Sest.
642 5071 692 5153 63,
718 5072 790 5153 131,
823 5078 1063 5154 praecesserant
1086 5079 1217 5138 senatus
1240 5073 1388 5138 consultu
1411 5074 1485 5155 duo,
1519 5091 1657 5155 quorum
1690 5071 1781 5154 prius
1814 5077 1894 5136 teste
1917 5068 2092 5132 Pisoniana

290 5200 341 5280 15,
365 5197 407 5260 34
430 5193 490 5257 kal.
514 5191 582 5256 lan.
606 5193 724 5259 lactum
748 5202 796 5261 est
819 5197 852 5259 iu
875 5197 993 5280 templo
1016 5194 1104 5259 Iovis
1125 5199 1235 5281 optimi
1253 5199 1397 5281 maximi,
1413 5198 1549 5262 alterum
1565 5198 1757 5280 insequente
1773 5197 1825 5260 die
1847 5197 1880 5256 iu
1898 5194 1990 5257 curia
2013 5195 2092 5255 teste

288 5323 368 5388 Sest.
393 5320 445 5403 61,
470 5315 541 5380 129.
586 5319 650 5381 iam
678 5320 753 5383 audi
783 5322 943 5404 quomodo
970 5321 1052 5384 illud
1080 5321 1200 5385 factum
1224 5323 1279 5386 sit:
1316 5343 1379 5406 quo
1402 5323 1533 5407 quide-m
1555 5322 1605 5386 die
1628 5358 1671 5367 —
1695 5320 1792 5384 verba
1816 5322 1893 5382 sunt
1915 5317 2091 5400 gratiarum

289 5448 423 5512 aetionis
446 5446 479 5508 in
504 5451 617 5510 senatu
643 5444 693 5527 10,
710 5444 751 5508 26
778 5482 817 5493 -
842 5467 917 5511 euru
932 5445 1123 5513 CCCXVII
1143 5451 1303 5511 seruatores
1319 5449 1436 5527 essetis,
1458 5448 1668 5532 nrapistratus
1683 5448 1792 5507 auum
1807 5461 1917 5506 ornnes
1939 5440 2091 5521 adessent,
